<?xml version="1.0" encoding="UTF-8"?><collection xmlns="http://www.loc.gov/MARC21/slim"><record><leader>00438nam--2200133-i-4500</leader><controlfield tag="001">000023130</controlfield><controlfield tag="002">20161230</controlfield><controlfield tag="005">20161230201034</controlfield><controlfield tag="008">060222s1000------------r-----000-0-eng-d</controlfield><datafield ind1=" " ind2=" " tag="080"><subfield code="a">620.1:658.5:519.240</subfield></datafield><datafield ind1=" " ind2=" " tag="100"><subfield code="a">Gilmore, Harold L. And Schwartz, Herbert C</subfield></datafield><datafield ind1=" " ind2=" " tag="245"><subfield code="a">Integrated product testing and evaluation:a system approach to improve reliability and quality</subfield></datafield><datafield ind1=" " ind2=" " tag="260"><subfield code="a">New York,Wiley-interscience, 1969. Xiii+351p</subfield></datafield><datafield ind1=" " ind2=" " tag="852"><subfield code="a">36507</subfield></datafield></record></collection>